@article{garland2005,
    author = {Bill Garland},
    title = {Elementary Physics of Reactor Control Module - Fission Product Poisoning},
    volume = {3},
    url = {http://www.nuceng.ca/br_space/2017-09_4d03_6d03/misc_files/xenon_poisoning.pdf},
    publisher = {Nuclear Engineering (Originally from McMaster University)},
    year = {2005}
  }
  
@book{carlton2007,
  author = {John Carlton},
  title = {Marine Propellers and Propulsion},
  url = {http://www.nuceng.ca/br_space/2017-09_4d03_6d03/misc_files/xenon_poisoning.pdf},
  publisher = {Elsevier},
  year = {2007}
}

@article{liang2014,
  title = {The economics of slow steaming},
  author = {Liang, Lee Hong},
  url = {http://www.seatrade-maritime.com/news/americas/the-economics-of-slow-steaming.html},
  publisher = {Seatrade Maritime News},
  year = {2014},
  month = {10},
  day = {7}
}

@article{sanguri2012,
  title = {The Guide to Slow Steaming On Ships},
  author = {Mohit Sanguri}, 
  url = {https://www.marineinsight.com/wp-content/uploads/2013/01/The-guide-to-slow-steaming-on-ships.pdf},
  publisher = {Marine Insight},
  year = {2012},
  month = {12}
}

@article{WNA2017,
  title = {Nuclear Powered Ships},
  url = {http://www.world-nuclear.org/information-library/non-power-nuclear-applications/transport/nuclear-powered-ships.aspx#ECSArticleLink0},
  publisher = {World Nuclear Association},
  year = {2017}
}

@article{WNA2009,
  title = {Chernobyl Accident Appendix 1},
  url = {http://www.world-nuclear.org/information-library/safety-and-security/safety-of-plants/appendices/chernobyl-accident-appendix-1-sequence-of-events.aspx},
  publisher = {World Nuclear Association},
  year = {2009}
}

@article{patrick2012,
  title = {The Driving Factor in the SEA 1000 choice},
  author = {Rex Patrick},
  url = {https://corporate.siemens.com.au/content/dam/internet/siemens-com-au/root/aunz-defence-solutions/apdr-october-2015-issue-future-submarine.pdf},
  publisher = {Asia-Pacific Defence Reporter},
  year = {2015},
  month = {10}
}

@article{hamilton1997,
  title = {Jet Torque},
  author = {Hamilton Waterjets},
  volume = {8},
  url = {https://corporate.siemens.com.au/content/dam/internet/siemens-com-au/root/aunz-defence-solutions/apdr-october-2015-issue-future-submarine.pdf},
  publisher = {Hamilton Waterjets},
  year = {1997},
  month = {3}
}